@ARTICLE{srinivasan2006,
	author = {Harish Srinivasan and Sargur N. Srihari and Matthew J. Beal},
	title = {Machine Learning for Signature Verification},
	year = {2006}
}

@ARTICLE{goncalves2008,
	author = {Diego Bergolini Gon\c{c}alves},
	title = {Agrupamento de Classificadores na Verifica\c{c}\~ao de Assinaturas \textit{Off-Line}},
	publisher = {Pontif\'icia Universidade Cat\'olica do Paran\'a},
	year = {2008}
}

@ARTICLE{coetzer2006,
	author = {J. Coetzer, B. M. Herbst, J. A. Du Preez.},
	title =  {Off-Line Signature Verification:  A Comparison between Human and Machine Performance},
	publisher = {Tenth International Workshop on Frontiers in Handwriting Recognition},
	year = {2006}
}

@ARTICLE{justino2001,
	author = {Edson Jos\'e Rodrigues Justino},
	title = {O Grafismo e os Modelos Escondidos de Markov na Verifica\c{c}\~ao Autom\'atica de Assinaturas},
	publisher = {Pontif\'icia Universidade Cat\'olica do Paran\'a},
	year = {2001}
}

@ARTICLE{freitas2003,
	author = {Cinthia O. De A. Freitas and Edson J. R. Justino},
	title = {A An\'alise e o Reconhecimento da Escrita Manuscrita na L\'ingua Portuguesa},
	publisher = {Pontif\'icia Universidade Cat\'olica do Paran\'a},
	year = {2003}

}

@ARTICLE{nogueira2005,
	author = {C\'icero Nogueira dos Santos},
	title = {Aprendizado de M\'aquina na Identifica\c{c}\~ao de Sintagmas Nominais: O Caso do Portugu\^es Brasileiro},
	publisher = {Instituto Militar de Engenharia},
	year = {2005}
}

@ARTICLE{tebaldi2007,
	author = {F\'abio Barros Tebaldi},
	title = {Estudo de Redes Neurais Artificiais para Verifica\c{c}\~ao e Classifica\c{c}\~ao de Assinaturas Atrav\'es de Imagens},
	publisher = {Centro Universit\'ario Eur\'ipedes de Mar\'ilia},
	year = {2007}
}